@article{杨现民2015智慧教育体系架构与关键支撑技术,
  title={智慧教育体系架构与关键支撑技术},
  author={杨现民 and 余胜泉},
  journal={中国电化教育},
  volume={1},
  pages={77--84},
  year={2015}
}
@article{焦建利2023chatgpt,
  title={ChatGPT 助推学校教育数字化转型},
  author={焦建利},
  journal={中国远程教育},
  number={4},
  year={2023}
}
@article{郑娅峰2021教育大数据可视化研究综述,
  title={教育大数据可视化研究综述.},
  author={郑娅峰 and 赵亚宁 and 白雪 and 傅骞},
  journal={Journal of Frontiers of Computer Science \& Technology},
  volume={15},
  number={3},
  year={2021}
}
@article{杨现民2014我国智慧教育发展战略与路径选择,
  title={我国智慧教育发展战略与路径选择},
  author={杨现民 and 刘雍潜 and 钟晓流 and 宋述强},
  journal={现代教育技术},
  volume={24},
  number={1},
  pages={12--19},
  year={2014}
}
@misc{InfluxDB维基百科,
	author = {},
	title = {InfluxDB},
	howpublished = {\url{https://zh.wikipedia.org/zh-cn/InfluxDB}},
	year = {},
	note = {[Accessed 03-05-2024]},
}
@misc{InfluxDB官方文档,
	author = {InfluxData},
	title = {InfluxDB storage engine},
	howpublished = {\url{https://docs.influxdata.com/influxdb/v2/reference/internals/storage-engine/}},
	year = {},
	note = {[Accessed 03-05-2024]},
}
@misc{SQLite官方文档,
	author = {},
	title = {About SQLite},
	howpublished = {\url{https://www.sqlite.org/about.html}},
	year = {},
	note = {[Accessed 03-05-2024]},
}
@misc{conduktor,
	author = {},
	title = {Zookeeper with Kafka},
	howpublished = {\url{https://www.conduktor.io/kafka/zookeeper-with-kafka/}},
	year = {},
	note = {[Accessed 04-05-2024]},
}
@misc{Zookeeper官方文档,
	author = {},
	title = {{Z}oo{K}eeper: {B}ecause {C}oordinating {D}istributed {S}ystems is a {Z}oo --- zookeeper.apache.org},
	howpublished = {\url{https://zookeeper.apache.org/doc/current/zookeeperOver.html}},
	year = {},
	note = {[Accessed 04-05-2024]},
}
@misc{liaoxuefengDocker,
	author = {},
	title = {一文读懂{D}ocker原理 --- liaoxuefeng.com},
	howpublished = {\url{https://www.liaoxuefeng.com/article/1481991528644643#0}},
	year = {},
	note = {[Accessed 04-05-2024]},
}
@article{数智化时代高校继续教育智慧化发展,
author = {何家旭},
title = {数智化时代高校继续教育智慧化发展},
journal = {继续教育研究},
volume = {},
 pages = {1-5},
year = {2024},
issn = {1009-4156},
}    
@article{SSJD4F2AB8C4E9E116C7D1830AEB07853891,
author = {  Luo Yawei and Yang Yi},
title = {Large language model and domain-specific model collaboration for smart education},
journal = {Frontiers of Information Technology &amp; Electronic Engineering},
volume = {25},
 pages = {333-341},
year = {2024},
issn = {2095-9184},
}    
@misc{压力测试核心性能指标及行业标准,
	author = {},
	title = {压力测试核心性能指标及行业标准\_压力测试\_优测云服务平台\_{I}nfo{Q}写作社区 --- xie.infoq.cn},
	howpublished = {\url{https://xie.infoq.cn/article/77421611dbf361e14cff8b731}},
	year = {},
	note = {[Accessed 10-06-2024]},
}
@misc{goDocumentationProgramming,
	author = {},
	title = {{D}ocumentation - {T}he {G}o {P}rogramming {L}anguage --- go.dev},
	howpublished = {\url{https://go.dev/doc/}},
	year = {},
	note = {[Accessed 18-06-2024]},
}
@misc{Rust语言官方文档,
	author = {},
	title = { {R}ust \&#x7{A}0{B};\&#x5{E}8{F};\&#x8{B}{B}{E};\&#x8{B}{A}1;\&#x8{B}{E}{D};\&#x8{A}00;  --- rust-lang.org},
	howpublished = {\url{https://www.rust-lang.org/zh-CN}},
	year = {},
	note = {[Accessed 18-06-2024]},
}
@misc{redhat-IoT,
	author = {},
	title = {一文看懂到底什么是物联网 | {I}o{T} 是什么？ --- redhat.com},
	howpublished = {\url{https://www.redhat.com/zh/topics/internet-of-things/what-is-iot}},
	year = {},
	note = {[Accessed 18-06-2024]},
}
@misc{tencentLSMTSM,
	author = {},
	title = {{L}{S}{M}与{T}{S}{M}原理分析-腾讯云开发者社区-腾讯云 --- cloud.tencent.com},
	howpublished = {\url{https://cloud.tencent.com/developer/article/1809215}},
	year = {},
	note = {[Accessed 18-06-2024]},
}
@misc{mongodbWhatNoSQL,
	author = {},
	title = {{W}hat {I}s {N}o{S}{Q}{L}? {N}o{S}{Q}{L} {D}atabases {E}xplained --- mongodb.com},
	howpublished = {\url{https://www.mongodb.com/resources/basics/databases/nosql-explained}},
	year = {},
	note = {[Accessed 18-06-2024]},
}
@misc{oiwikix6811Wiki,
	author = {Persdre},
	title = {{B}+ \&#x6811; - {O}{I} {W}iki --- oi-wiki.org},
	howpublished = {\url{https://oi-wiki.org/ds/bplus-tree/}},
	year = {},
	note = {[Accessed 18-06-2024]},
}